
@Article{Milgram67,
author = {Stanley Milgram},
title = {The Small-World Problem},
journal = {Psychology Today},
year = {1967},
volume = {1},
number = {1},
pages = {61-67},
month = {May},
}

@Article{MilgramBackup1,
author = {Peter Sheridan Dodds, Roby Muhamad, Duncan J. Watts},
title = {An Experimental Study of Search in Global Social Networks},
journal = {Science},
year = {2003},
volume = {301},
number = {5634},
pages = {827-829},
month = {August},
}

@article {MilgramBackup2,
author = {Jean M. Guiot},
title = {A modification of Milgram's small world method},
journal = {European Journal of Social Psychology},
volume = {6},
number = {4},
publisher = {John Wiley & Sons, Ltd.},
issn = {1099-0992},
url = {http://dx.doi.org/10.1002/ejsp.2420060409},
doi = {10.1002/ejsp.2420060409},
pages = {503--507},
year = {1976},
}

@inproceedings{Kleinberg00,
  author    = {Jon M. Kleinberg},
  title     = {The small-world phenomenon: an algorithmic perspective},
  booktitle = {Proceedings of the Thirty-Second Annual {ACM} Symposium on Theory
               of Computing, May 21-23, 2000, Portland, OR, {USA}},
  pages     = {163--170},
  year      = {2000},
  crossref  = {DBLP:conf/stoc/2000},
  url       = {http://doi.acm.org/10.1145/335305.335325},
  doi       = {10.1145/335305.335325},
  timestamp = {Fri, 31 Jul 2015 08:59:13 +0200},
  biburl    = {http://dblp.uni-trier.de/rec/bib/conf/stoc/Kleinberg00},
  bibsource = {dblp computer science bibliography, http://dblp.org}
}

@proceedings{DBLP:conf/stoc/2000,
  editor    = {F. Frances Yao and
               Eugene M. Luks},
  title     = {Proceedings of the Thirty-Second Annual {ACM} Symposium on Theory
               of Computing, May 21-23, 2000, Portland, OR, {USA}},
  publisher = {{ACM}},
  year      = {2000},
  isbn      = {1-58113-184-4},
  timestamp = {Mon, 17 Oct 2011 15:55:10 +0200},
  biburl    = {http://dblp.uni-trier.de/rec/bib/conf/stoc/2000},
  bibsource = {dblp computer science bibliography, http://dblp.org}
}
@inproceedings{AnalyzingKleinberg,
  author    = {Charles U. Martel and
               Van Nguyen},
  title     = {Analyzing Kleinberg's (and other) small-world Models},
  booktitle = {Proceedings of the Twenty-Third Annual {ACM} Symposium on Principles
               of Distributed Computing, {PODC} 2004, St. John's, Newfoundland, Canada,
               July 25-28, 2004},
  pages     = {179--188},
  year      = {2004},
  crossref  = {DBLP:conf/podc/2004},
  url       = {http://doi.acm.org/10.1145/1011767.1011794},
  doi       = {10.1145/1011767.1011794},
  timestamp = {Wed, 23 May 2012 14:26:10 +0200},
  biburl    = {http://dblp.uni-trier.de/rec/bib/conf/podc/MartelN04},
  bibsource = {dblp computer science bibliography, http://dblp.org}
}

@proceedings{DBLP:conf/podc/2004,
  editor    = {Soma Chaudhuri and
               Shay Kutten},
  title     = {Proceedings of the Twenty-Third Annual {ACM} Symposium on Principles
               of Distributed Computing, {PODC} 2004, St. John's, Newfoundland, Canada,
               July 25-28, 2004},
  publisher = {{ACM}},
  year      = {2004},
  url       = {http://dl.acm.org/citation.cfm?id=1011767},
  isbn      = {1-58113-802-4},
  timestamp = {Wed, 23 May 2012 14:26:10 +0200},
  biburl    = {http://dblp.uni-trier.de/rec/bib/conf/podc/2004},
  bibsource = {dblp computer science bibliography, http://dblp.org}
}