% *** Rumour Spreading ***

@article{Pittel87,
 author = {Pittel, Boris},
 title = {On Spreading a Rumor},
 journal = {SIAM J. Appl. Math.},
 issue_date = {Feb. 1987},
 volume = {47},
 number = {1},
 month = mar,
 year = {1987},
 issn = {0036-1399},
 pages = {213--223},
 numpages = {11},
 url = {http://dx.doi.org/10.1137/0147013},
 doi = {10.1137/0147013},
 acmid = {37400},
 publisher = {Society for Industrial and Applied Mathematics},
 address = {Philadelphia, PA, USA},
}

@inproceedings{KarpSSV00,
  author    = {Richard M. Karp and
               Christian Schindelhauer and
               Scott Shenker and
               Berthold V{\"{o}}cking},
  title     = {Randomized Rumor Spreading},
  booktitle = {41st Annual Symposium on Foundations of Computer Science, {FOCS} 2000,
               12-14 November 2000, Redondo Beach, California, {USA}},
  pages     = {565--574},
  publisher = {{IEEE} Computer Society},
  year      = {2000},
  url       = {http://dx.doi.org/10.1109/SFCS.2000.892324},
  doi       = {10.1109/SFCS.2000.892324},
  timestamp = {Tue, 16 Dec 2014 09:57:24 +0100},
  biburl    = {http://dblp.uni-trier.de/rec/bib/conf/focs/KarpSSV00},
  bibsource = {dblp computer science bibliography, http://dblp.org}
}

@inproceedings{SocialNetworkRumours,
  author    = {Flavio Chierichetti and
               Silvio Lattanzi and
               Alessandro Panconesi},
  editor    = {Susanne Albers and
               Alberto Marchetti{-}Spaccamela and
               Yossi Matias and
               Sotiris E. Nikoletseas and
               Wolfgang Thomas},
  title     = {Rumor Spreading in Social Networks},
  booktitle = {Automata, Languages and Programming, 36th Internatilonal Colloquium,
               {ICALP} 2009, Rhodes, Greece, July 5-12, 2009, Proceedings, Part {II}},
  series    = {Lecture Notes in Computer Science},
  volume    = {5556},
  pages     = {375--386},
  publisher = {Springer},
  year      = {2009},
  url       = {http://dx.doi.org/10.1007/978-3-642-02930-1_31},
  doi       = {10.1007/978-3-642-02930-1_31},
  timestamp = {Mon, 21 Sep 2015 16:58:56 +0200},
  biburl    = {http://dblp.uni-trier.de/rec/bib/conf/icalp/ChierichettiLP09},
  bibsource = {dblp computer science bibliography, http://dblp.org}
}

@inproceedings{AllocatingAttention,
  author    = {Bo Jiang and
               Nidhi Hegde and
               Laurent Massouli{\'{e}} and
               Don Towsley},
  title     = {How to Optimally allocate your budget of attention in social networks},
  booktitle = {Proceedings of the {IEEE} {INFOCOM} 2013, Turin, Italy, April 14-19,
               2013},
  pages     = {2373--2381},
  publisher = {{IEEE}},
  year      = {2013},
  url       = {http://dx.doi.org/10.1109/INFCOM.2013.6567042},
  doi       = {10.1109/INFCOM.2013.6567042},
  timestamp = {Sat, 24 Aug 2013 18:37:16 +0200},
  biburl    = {http://dblp.uni-trier.de/rec/bib/conf/infocom/JiangHMT13},
  bibsource = {dblp computer science bibliography, http://dblp.org}
}

@inproceedings{TargetedSignedNetworks,
  author    = {Basak Guler and
               Burak Varan and
               Kaya Tutuncuoglu and
               Mohamed S. Nafea and
               Ahmed A. Zewail and
               Aylin Yener and
               Damien Octeau},
  editor    = {Xindong Wu and
               Martin Ester and
               Guandong Xu},
  title     = {Optimal strategies for targeted influence in signed networks},
  booktitle = {2014 {IEEE/ACM} International Conference on Advances in Social Networks
               Analysis and Mining, {ASONAM} 2014, Beijing, China, August 17-20,
               2014},
  pages     = {906--911},
  publisher = {{IEEE} Computer Society},
  year      = {2014},
  url       = {http://dx.doi.org/10.1109/ASONAM.2014.6921693},
  doi       = {10.1109/ASONAM.2014.6921693},
  timestamp = {Mon, 25 Jan 2016 15:49:31 +0100},
  biburl    = {http://dblp.uni-trier.de/rec/bib/conf/asunam/GulerVTNZYO14},
  bibsource = {dblp computer science bibliography, http://dblp.org}
}



% *** Applicantions ***

@article{InfluenceMaximisation1,
  author    = {David Kempe and
               Jon M. Kleinberg and
               {\'{E}}va Tardos},
  title     = {Maximizing the Spread of Influence through a Social Network},
  journal   = {Theory of Computing},
  volume    = {11},
  pages     = {105--147},
  year      = {2015},
  url       = {http://dx.doi.org/10.4086/toc.2015.v011a004},
  doi       = {10.4086/toc.2015.v011a004},
  timestamp = {Mon, 08 Jun 2015 15:04:02 +0200},
  biburl    = {http://dblp.uni-trier.de/rec/bib/journals/toc/KempeKT15},
  bibsource = {dblp computer science bibliography, http://dblp.org}
}

@inproceedings{InfluenceMaximisation2,
  author    = {Pedro M. Domingos and
               Matthew Richardson},
  editor    = {Doheon Lee and
               Mario Schkolnick and
               Foster J. Provost and
               Ramakrishnan Srikant},
  title     = {Mining the network value of customers},
  booktitle = {Proceedings of the seventh {ACM} {SIGKDD} international conference
               on Knowledge discovery and data mining, San Francisco, CA, USA, August
               26-29, 2001},
  pages     = {57--66},
  publisher = {{ACM}},
  year      = {2001},
  url       = {http://portal.acm.org/citation.cfm?id=502512.502525},
  timestamp = {Thu, 07 May 2015 20:04:43 +0200},
  biburl    = {http://dblp.uni-trier.de/rec/bib/conf/kdd/DomingosR01},
  bibsource = {dblp computer science bibliography, http://dblp.org}
}

@inproceedings{LabelledInfluenceMaximisation,
  author    = {Fa{-}Hsien Li and
               Cheng{-}Te Li and
               Man{-}Kwan Shan},
  title     = {Labeled Influence Maximization in Social Networks for Target Marketing},
  booktitle = {PASSAT/SocialCom 2011, Privacy, Security, Risk and Trust (PASSAT),
               2011 {IEEE} Third International Conference on and 2011 {IEEE} Third
               International Conference on Social Computing (SocialCom), Boston,
               MA, USA, 9-11 Oct., 2011},
  pages     = {560--563},
  publisher = {{IEEE}},
  year      = {2011},
  url       = {http://dx.doi.org/10.1109/PASSAT/SocialCom.2011.152},
  doi       = {10.1109/PASSAT/SocialCom.2011.152},
  timestamp = {Fri, 28 Aug 2015 14:17:18 +0200},
  biburl    = {http://dblp.uni-trier.de/rec/bib/conf/socialcom/LiLS11},
  bibsource = {dblp computer science bibliography, http://dblp.org}
}

@inproceedings{OutbreakDetection,
  author    = {Jure Leskovec and
               Andreas Krause and
               Carlos Guestrin and
               Christos Faloutsos and
               Jeanne M. VanBriesen and
               Natalie S. Glance},
  editor    = {Pavel Berkhin and
               Rich Caruana and
               Xindong Wu},
  title     = {Cost-effective outbreak detection in networks},
  booktitle = {Proceedings of the 13th {ACM} {SIGKDD} International Conference on
               Knowledge Discovery and Data Mining, San Jose, California, USA, August
               12-15, 2007},
  pages     = {420--429},
  publisher = {{ACM}},
  year      = {2007},
  url       = {http://doi.acm.org/10.1145/1281192.1281239},
  doi       = {10.1145/1281192.1281239},
  timestamp = {Tue, 27 Apr 2010 14:19:08 +0200},
  biburl    = {http://dblp.uni-trier.de/rec/bib/conf/kdd/LeskovecKGFVG07},
  bibsource = {dblp computer science bibliography, http://dblp.org}
}

@inproceedings{GraphSummary,
  author    = {Saket Navlakha and
               Rajeev Rastogi and
               Nisheeth Shrivastava},
  editor    = {Jason Tsong{-}Li Wang},
  title     = {Graph summarization with bounded error},
  booktitle = {Proceedings of the {ACM} {SIGMOD} International Conference on Management
               of Data, {SIGMOD} 2008, Vancouver, BC, Canada, June 10-12, 2008},
  pages     = {419--432},
  publisher = {{ACM}},
  year      = {2008},
  url       = {http://doi.acm.org/10.1145/1376616.1376661},
  doi       = {10.1145/1376616.1376661},
  timestamp = {Tue, 10 Jun 2008 07:38:05 +0200},
  biburl    = {http://dblp.uni-trier.de/rec/bib/conf/sigmod/NavlakhaRS08},
  bibsource = {dblp computer science bibliography, http://dblp.org}
}



% *** Small World ***

@Article{Milgram67,
author = {Stanley Milgram},
title = {The Small-World Problem},
journal = {Psychology Today},
year = {1967},
volume = {1},
number = {1},
pages = {61-67},
month = {May},
}

@article{TraversMilgram69,
  author = {Travers, Jeffrey and Milgram, Stanley},
  issn = {0038-0431},
  journal = {Sociometry},
  month = {December},
  number = {4},
  pages = {425--443},
  publisher = {American Sociological Association},
  title = {An Experimental Study of the Small World Problem},
  url = {http://links.jstor.org/sici?sici=0038-0431%28196912%2932%3A4%3C425%3AAESOTS%3E2.0.CO%3B2-W},
  volume = {32},
  year = {1969}
}

@Article{MilgramBackup1,
author = {Peter Sheridan Dodds and Roby Muhamad and Duncan J. Watts},
title = {An Experimental Study of Search in Global Social Networks},
journal = {Science},
year = {2003},
volume = {301},
number = {5634},
pages = {827-829},
month = {August},
}

@article {MilgramBackup2,
author = {Jean M. Guiot},
title = {A modification of Milgram's small world method},
journal = {European Journal of Social Psychology},
volume = {6},
number = {4},
publisher = {John Wiley & Sons, Ltd.},
issn = {1099-0992},
url = {http://dx.doi.org/10.1002/ejsp.2420060409},
doi = {10.1002/ejsp.2420060409},
pages = {503--507},
year = {1976},
}

@inproceedings{Kleinberg00,
  author    = {Jon M. Kleinberg},
  editor    = {F. Frances Yao and
               Eugene M. Luks},
  title     = {The small-world phenomenon: an algorithmic perspective},
  booktitle = {Proceedings of the Thirty-Second Annual {ACM} Symposium on Theory
               of Computing, May 21-23, 2000, Portland, OR, {USA}},
  pages     = {163--170},
  publisher = {{ACM}},
  year      = {2000},
  url       = {http://doi.acm.org/10.1145/335305.335325},
  doi       = {10.1145/335305.335325},
  timestamp = {Fri, 31 Jul 2015 08:59:13 +0200},
  biburl    = {http://dblp.uni-trier.de/rec/bib/conf/stoc/Kleinberg00},
  bibsource = {dblp computer science bibliography, http://dblp.org}
}

@inproceedings{AnalyzingKleinberg,
  author    = {Charles U. Martel and
               Van Nguyen},
  editor    = {Soma Chaudhuri and
               Shay Kutten},
  title     = {Analyzing Kleinberg's (and other) small-world Models},
  booktitle = {Proceedings of the Twenty-Third Annual {ACM} Symposium on Principles
               of Distributed Computing, {PODC} 2004, St. John's, Newfoundland, Canada,
               July 25-28, 2004},
  pages     = {179--188},
  publisher = {{ACM}},
  year      = {2004},
  url       = {http://doi.acm.org/10.1145/1011767.1011794},
  doi       = {10.1145/1011767.1011794},
  timestamp = {Wed, 23 May 2012 14:26:10 +0200},
  biburl    = {http://dblp.uni-trier.de/rec/bib/conf/podc/MartelN04},
  bibsource = {dblp computer science bibliography, http://dblp.org}
}

@inproceedings{SmallWorldInternet,
  author    = {Shudong Jin and
               Azer Bestavros},
  title     = {Small-World Characteristics of the Internet and Multicast Scaling},
  booktitle = {11th International Workshop on Modeling, Analysis, and Simulation
               of Computer and Telecommunication Systems {(MASCOTS} 2003), 12-15
               October 2003, Orlando, FL, {USA}},
  pages     = {260--268},
  publisher = {{IEEE} Computer Society},
  year      = {2003},
  url       = {http://dx.doi.org/10.1109/MASCOT.2003.1240670},
  doi       = {10.1109/MASCOT.2003.1240670},
  timestamp = {Fri, 17 Oct 2014 14:47:20 +0200},
  biburl    = {http://dblp.uni-trier.de/rec/bib/conf/mascots/JinB03},
  bibsource = {dblp computer science bibliography, http://dblp.org}
}



% *** Misc ***

@misc{snapnets,
  author       = {Jure Leskovec and Andrej Krevl},
  title        = {{SNAP Datasets}: {Stanford} Large Network Dataset Collection},
  howpublished = {\url{http://snap.stanford.edu/data}},
  month        = jun,
  year         = 2014
}

@misc{Schabanel11,
Author = {Nicolas Schabanel},
keywords = {c-com},
Howpublished = { International Workshop "Toward Evolutive Routing Algorithms for scale-free/internet-like NETworks" (TERANET 2011, colocated with DISC 2011), Roma, Italy.},
Month = {September},
Title = {Analyzing Search Algorithms in Small Worlds},
Year = {2011}
}

@misc{NetworkX,
	author = {NetworkX Developer Team},
	title = {NetworkX},
	howpublished = {\url{https://networkx.github.io/}},
}

@inproceedings{pokecsource,
  title={Data analysis in public social networks},
  author={Takac, Lubos and Zabovsky, Michal},
  booktitle={International Scientific Conference and International Workshop Present Day Trends of Innovations},
  pages={1--6},
  year={2012}
}

@article{viralmarketing,
  title={Social connections and the persuasiveness of viral campaigns in social network sites: Persuasive intent as the underlying mechanism},
  author={Van Noort, Guda and Antheunis, Marjolijn L and van Reijmersdal, Eva A},
  journal={Journal of Marketing Communications},
  volume={18},
  number={1},
  pages={39--53},
  year={2012},
  publisher={Taylor \& Francis}
}

@article{wordofmouth,
  title={Effects of word-of-mouth versus traditional marketing: findings from an internet social networking site},
  author={Trusov, Michael and Bucklin, Randolph E and Pauwels, Koen},
  journal={Journal of marketing},
  volume={73},
  number={5},
  pages={90--102},
  year={2009},
  publisher={American Marketing Association}
}
